1603 3117
182 426 228 477 120

181 564 282 631 diximus
299 580 326 615 ac
337 569 420 616 totum
435 565 506 616 illum*
520 567 612 629 locum,
633 572 661 616 ut
677 567 781 634 apertior

181 665 255 721 esset,
287 650 402 725 exemplis
438 648 571 708 accuratius
598 660 687 726 exponi
714 677 781 726 opor-

182 756 236 800 tere
253 750 363 817 arbitrati
378 750 467 815 sumus,
480 742 546 802 nunc
558 753 674 819 sequitur,
689 769 722 801 ne
733 752 782 805 lon-

182 843 235 909 gius
244 843 329 907 >oratio
345 859 472 910 progressa
488 845 608 908 videatur,
624 852 652 893 ut
668 845 699 893 de
712 861 740 893 ea
750 862 782 911 re,

182 921 253 1002 qiiam
275 953 377 986 caussam
397 938 473 1001 lhujus
496 936 665 1003 disputationis
688 937 782 989 alteram

184 1027 332 1091 dicebamus,
344 1027 483 1095 Ephraemi
498 1024 676 1094 interpretandi
692 1023 782 1079 ratione

183 1118 248 1186 ipsa,
268 1119 300 1169 ³in
320 1118 419 1169 relicuis
446 1116 580 1186 generatim
603 1107 782 1185 perscribamus.

184 1207 320 1278 Atqueex
345 1211 374 1261 iis
399 1211 520 1276 omnibus,
546 1229 607 1278 qtiae
627 1196 784 1277 paullo'ante

185 1304 327 1365 dictasunt,
342 1294 390 1368 jam
406 1310 504 1369 oportet
523 1303 660 1367 existimari,
679 1310 784 1353 nostrum

183 1393 210 1444 in
230 1412 273 1444 ‘sua
293 1394 495 1462 interpretatione
518 1395 589 1445 etiam
612 1395 730 1445 ecclesiae
751 1413 785 1446 ra-

183 1486 245 1536 tioni
261 1505 288 1536 ac
299 1488 442 1553 praeceptis
458 1485 542 1553 presse
558 1487 631 1537 fuisse
642 1489 784 1537 obsecutum.

184 1578 268 1645 Itaque
291 1579 362 1652 etiam
388 1579 414 1629 in
438 1579 534 1646 scriptis
560 1579 608 1629 suis
634 1579 786 1645 cognoscitur

185 1671 287 1720 omnino.
305 1672 377 1721 Fun
393 1672 464 1735 enim,
481 1654 680 1738 quemadmodum
692 1672 743 1721 sive
760 1671 785 1720 ab

185 1757 348 1813 Audianorum
358 1763 409 1830 sire
422 1763 451 1813 ab
463 1760 670 1830 Allegoristarum,
687 1762 786 1833 proprie

186 1853 222 1904 sic
231 1855 358 1919 dictorum,
370 1855 584 1922 erroribus,quam
593 1854 693 1905 manime
705 1855 787 1904 abhor-

186 1946 243 2008 ruit,
259 1943 292 1995 ita
306 1948 443 2012 longissime
456 1948 588 2012 disjunctus
599 1948 628 1996 ab
639 1940 787 1995 Antiocheno

177 2035 289 2104 'genere
307 2038 373 2105 quod
389 2040 523 2104 cujusmodi
538 2039 566 2089 id
580 2028 696 2106 temporis
716 2030 788 2089 fuerit

185 2131 212 2179 in
227 2131 393 2197 superioribus
409 2132 478 2180 nobis
495 2131 718 2182 est'adumbratum.
743 2129 788 2183 Ne

186 2239 234 2288 que
257 2222 319 2273 iliud
336 2222 449 2289 quidem,
470 2224 536 2288 quod
557 2223 736 2290 descripsimus,
761 2221 788 2270 li-

179 2304 294 2365 beralius.
312 2316 495 2383 practicnmque
520 2314 643 2382 cogitandi
668 2330 744 2382 genus
764 2327 788 2363 ac

182 2406 303 2469 studium,
332 2425 379 2472 quo
399 2408 448 2460 illis
473 2408 590 2458 aetatibus
612 2407 689 2462 cinaris
704 2405 789 2456 claruit

167 2498 313 2569 ndrarnaea,
332 2516 430 2565 prorsus
447 2501 585 2568 norregavit:
608 2505 700 2563 tamen,
720 2512 789 2566 qsuun

186 2584 335 2642 orthodoxae
343 2591 405 2664 fidei
411 2600 472 2657 esset
481 2584 651 2654 tenacissimus,
660 2593 685 2642 in
693 2590 789 2657 mystica

187 2678 312 2733 Ecclesiae
340 2683 383 2731 via
405 2684 496 2731 acriter
522 2683 647 2748 processit.
686 2685 789 2732 Primum
