1603 3117
184 358 218 427 n

183 496 252 569 quod
267 498 338 549 nohis
352 497 528 564 proposuimus,
550 499 707 566 explieando,
731 519 787 569 pre-

185 590 330 657 grediamue.

232 778 255 831 3.
287 775 339 829 Jam
363 793 435 842 vere,
459 782 486 829 ut
506 778 536 829 ad
553 779 622 831 aliud·
634 785 787 845 transeamus,

183 870 264 936 magru
292 871 408 924 momenti
439 872 487 922 hoc
511 878 560 934 est,
576 874 657 940 ,quod
684 875 710 925 in
733 874 787 941 ipso

185 963 293 1017 Orientis
310 964 377 1031 quasi
392 963 484 1031 gremio
500 963 580 1028 inque·
591 982 620 1014 ea
629 964 687 1032 'ipsa
706 966 788 1031 regie-

184 1072 229 1120 ne,
256 1073 310 1123 qua
329 1073 369 1106 res
394 1053 517 1106 inlibris
544 1055 617 1106 saeris
641 1055 788 1125 descriptae,

184 1148 307 1199 maximam
322 1130 421 1214 quidem
435 1154 530 1215 partem
545 1154 627 1213 gestae
640 1155 717 1213 erant3
732 1167 788 1200 ver-

185 1240 233 1291 sari
249 1240 397 1308 eicontigit.
430 1239 540 1307 Namque
552 1240 701 1307 Euphratem
717 1239 788 1292 etiam

185 1339 346 1397 transgressus
385 1332 495 1398 adeoque
518 1332 638 1398 *Aegypti
674 1332 788 1399 regiones

183 1422 330 1490 peragravit.
369 1422 407 1475 Er
428 1441 477 1489 quo
500 1424 653 1475 autemfieri
674 1424 788 1488 debebat,

184 1520 213 1563 ut
229 1515 280 1564 sive
296 1514 328 1567 de
344 1513 491 1580 antiquitatis
515 1515 621 1564 moribus
638 1530 673 1564 ae
688 1531 788 1565 eonsue-

184 1606 271 1659 tudine
290 1606 341 1656 sive
354 1607 386 1656 de
404 1607 550 1674 populorum
560 1609 706 1658 vexterorum
726 1607 787 1658 reli-

185 1698 296 1764 gionibus
313 1705 339 1748 et
354 1699 422 1748 cultu
438 1698 535 1763 divino,
563 1699 615 1750 sive
632 1700 664 1749 de
680 1700 789 1766 regionis

185 1791 286 1855 alicujus
302 1798 397 1854 natura,
419 1791 473 1862 ¹siue
489 1790 521 1840 de
538 1791 635 1840 urbium
650 1791 698 1842 situ
713 1798 740 1842 et
756 1792 789 1842 de

186 1882 238 1932 aliis
258 1883 329 1947 hujus
353 1883 451 1949 generis
472 1883 545 1933 rebus
567 1890 630 1933 esset
650 1883 789 1950 disputatio,

185 1974 319 2023 verissimas
329 1991 401 2039 saepe
411 1973 539 2023 sententias
551 1980 662 2040 poneret.
695 1974 789 2025 Eodem

186 2083 246 2115 vero
262 2066 375 2128 aceedit,
401 2065 468 2130 quod
493 2064 567 2115 multa
592 2065 664 2115 etiam
688 2066 747 2115 iude
777 2083 790 2115 a

186 2159 301 2223 majorum
333 2164 444 2224 tempore
476 2157 502 2208 in
533 2154 581 2206 hoe
615 2155 790 2223 antiquissimae

186 2249 301 2300 historiae
317 2250 412 2301 theatro
428 2249 523 2301 nonnisi
538 2249 680 2300 memoriter
695 2257 790 2309 servata

187 2347 216 2392 et
226 2342 350 2409 dissipata,
372 2343 511 2411 a-posteris,
528 2344 571 2410 qui
586 2358 617 2393 en
636 2342 736 2407 quadam
752 2360 791 2392 re-

186 2435 280 2501 ligione
297 2451 325 2485 ea
341 2442 499 2498 asservarent,
514 2452 558 2486 ere
569 2434 666 2500 accepit
676 2433 799 2500 quodque

187 2528 358 2577 nonnullorum
382 2526 538 2593 antiquissimi
561 2526 678 2593 temporis
698 2526 792 2577 institu-

188 2625 269 2669 torum
285 2625 312 2667 ac
328 2619 540 2681 consuetudinum,
573 2636 634 2684 quae
657 2619 735 2678 adhuc
756 2618 792 2667 vi-
